<?xml version="1.0" encoding="UTF-8"?><collection xmlns="http://www.loc.gov/MARC21/slim"><record><leader>00379nam--2200133-i-4500</leader><controlfield tag="001">000037438</controlfield><controlfield tag="002">20161230</controlfield><controlfield tag="005">20161230201041</controlfield><controlfield tag="008">060222s1000------------r-----000-0-eng-d</controlfield><datafield ind1=" " ind2=" " tag="100"><subfield code="a">Quadrat, O</subfield></datafield><datafield ind1=" " ind2=" " tag="245"><subfield code="a">Sur l`activite du professeur f.wald en chimie analytique</subfield></datafield><datafield ind1=" " ind2=" " tag="260"><subfield code="a">[Praha], 1931, 49-52p</subfield></datafield><datafield ind1=" " ind2=" " tag="490"><subfield code="a">Collection Iii, No.1-2, 1931, Des Travaux Chimiques ..</subfield></datafield><datafield ind1=" " ind2=" " tag="852"><subfield code="a">1786</subfield></datafield></record></collection>